% Encoding: UTF-8

@InProceedings{Gos2020,
  author    = {Gos, Konrad and Zabierowski, Wojciech},
  booktitle = {2020 IEEE XVIth International Conference on the Perspective Technologies and Methods in MEMS Design (MEMSTECH)},
  date      = {2020-04},
  title     = {The Comparison of Microservice and Monolithic Architecture},
  doi       = {10.1109/memstech49584.2020.9109514},
  publisher = {IEEE},
  url       = {https://ieeexplore.ieee.org/abstract/document/9109514},
  urldate   = {2025-02-12},
}

@Article{Wei2025,
  author       = {Wei, Xueyin and Li, Jing and He, Xudong and Peng, Weizhou and Zhu, Ying and Gu, Rongbin and Zhu, Yunlong and Huang, Jun},
  date         = {2025-04},
  journaltitle = {Journal of Systems and Software},
  title        = {Extracting microservices from monolithic applications using consistent graph enhanced Graph Transformer},
  doi          = {10.1016/j.jss.2025.112345},
  issn         = {0164-1212},
  pages        = {112345},
  url          = {https://www.sciencedirect.com/science/article/abs/pii/S0164121225000135},
  urldate      = {2025-02-13},
  volume       = {222},
  publisher    = {Elsevier BV},
}

@Article{Li2022,
  author       = {Li, Zhiding and Shang, Chenqi and Wu, Jianjie and Li, Yuan},
  date         = {2022-10},
  journaltitle = {Information and Software Technology},
  title        = {Microservice extraction based on knowledge graph from monolithic applications},
  doi          = {10.1016/j.infsof.2022.106992},
  issn         = {0950-5849},
  pages        = {106992},
  url          = {https://www.sciencedirect.com/science/article/pii/S0950584922001240},
  urldate      = {2025-02-13},
  volume       = {150},
  publisher    = {Elsevier BV},
}

@Article{Kim2022,
  author       = {Kim, Byoung Soo and Lee, Sang Hyeop and Lee, Ye Rim and Park, Yong Hyun and Jeong, Jongpil},
  date         = {2022-07},
  journaltitle = {Applied Sciences},
  title        = {Design and Implementation of Cloud Docker Application Architecture Based on Machine Learning in Container Management for Smart Manufacturing},
  doi          = {10.3390/app12136737},
  issn         = {2076-3417},
  number       = {13},
  pages        = {6737},
  url          = {https://www.mdpi.com/2076-3417/12/13/6737},
  urldate      = {2025-02-13},
  volume       = {12},
  publisher    = {MDPI AG},
}

@Comment{jabref-meta: databaseType:biblatex;}
