% Encoding: UTF-8

@Article{Velepucha2023,
  author       = {Velepucha, Victor and Flores, Pamela},
  date         = {2023},
  journaltitle = {IEEE Access},
  title        = {A Survey on Microservices Architecture: Principles, Patterns and Migration Challenges},
  doi          = {10.1109/access.2023.3305687},
  issn         = {2169-3536},
  pages        = {88339--88358},
  volume       = {11},
  publisher    = {Institute of Electrical and Electronics Engineers (IEEE)},
}

@Comment{jabref-meta: databaseType:biblatex;}
